<?xml version="1.0" encoding="UTF-8"?><collection xmlns="http://www.loc.gov/MARC21/slim"><record><leader>00321nam--2200121-i-4500</leader><controlfield tag="001">000035753</controlfield><controlfield tag="002">20161230</controlfield><controlfield tag="005">20161230201040</controlfield><controlfield tag="008">060222s1000------------r-----000-0-eng-d</controlfield><datafield ind1=" " ind2=" " tag="245"><subfield code="a">Optics and the theory of electrons</subfield></datafield><datafield ind1=" " ind2=" " tag="260"><subfield code="a">Cambridge, The Mit Press, 1973, X + 159p</subfield></datafield><datafield ind1=" " ind2=" " tag="490"><subfield code="a">Pauli Lectures On Physics</subfield></datafield><datafield ind1=" " ind2=" " tag="852"><subfield code="a">77669</subfield></datafield></record></collection>